<record><leader>00000cas a22000007a 4500</leader><controlfield tag="001">20551293</controlfield><controlfield tag="008">891026d18821890maudn ne      0    0eng d</controlfield><datafield ind1=" " ind2=" " tag="010"><subfield code="a">sn 89062219 </subfield></datafield><datafield ind1=" " ind2=" " tag="040"><subfield code="a">MGN</subfield><subfield code="b">eng</subfield><subfield code="c">MGN</subfield><subfield code="d">OCLCQ</subfield></datafield><datafield ind1=" " ind2=" " tag="042"><subfield code="a">msc</subfield></datafield><datafield ind1="0" ind2=" " tag="130"><subfield code="a">Daily transcript (Holyoke, Mass.)</subfield></datafield><datafield ind1="1" ind2="4" tag="245"><subfield code="a">The daily transcript.</subfield></datafield><datafield ind1=" " ind2=" " tag="260"><subfield code="a">Holyoke, Mass. :</subfield><subfield code="b">Loomis &amp; Dwight</subfield></datafield><datafield ind1=" " ind2=" " tag="300"><subfield code="a">v.</subfield></datafield><datafield ind1=" " ind2=" " tag="310"><subfield code="a">Daily (except Sun.)</subfield></datafield><datafield ind1="1" ind2=" " tag="362"><subfield code="a">Began Oct. 9, 1882.</subfield></datafield><datafield ind1="0" ind2=" " tag="362"><subfield code="a">-no. [2323] (Apr. 12, 1890).</subfield></datafield><datafield ind1=" " ind2=" " tag="588"><subfield code="a">Description based on: No. 2 (Oct. 10, 1882).</subfield></datafield><datafield ind1=" " ind2=" " tag="752"><subfield code="a">United States</subfield><subfield code="b">Massachusetts</subfield><subfield code="c">Hampden</subfield><subfield code="d">Holyoke.</subfield></datafield><datafield ind1="0" ind2="0" tag="785"><subfield code="t">Holyoke daily transcript</subfield><subfield code="w">(DLC)sn 89062220</subfield></datafield><datafield ind1="1" ind2=" " tag="029"><subfield code="a">AU@</subfield><subfield code="b">000025850572</subfield></datafield></record>